<record><leader>00000cas a22000007a 4500</leader><controlfield tag="001">11171658</controlfield><controlfield tag="008">840919d18841904sduwr ne      0    0eng d</controlfield><datafield ind1=" " ind2=" " tag="010"><subfield code="a">sn 84027502 </subfield></datafield><datafield ind1=" " ind2=" " tag="040"><subfield code="a">NPU</subfield><subfield code="b">eng</subfield><subfield code="c">NPU</subfield><subfield code="d">SXN</subfield><subfield code="d">OCLCQ</subfield><subfield code="d">OCLCO</subfield><subfield code="d">OCLCF</subfield></datafield><datafield ind1="1" ind2=" " tag="029"><subfield code="a">AU@</subfield><subfield code="b">000020633919</subfield></datafield><datafield ind1=" " ind2=" " tag="042"><subfield code="a">msc</subfield></datafield><datafield ind1=" " ind2=" " tag="043"><subfield code="a">n-us-sd</subfield></datafield><datafield ind1="0" ind2="4" tag="245"><subfield code="a">The Parker press.</subfield></datafield><datafield ind1=" " ind2=" " tag="260"><subfield code="a">Parker, Dakota [S.D.] :</subfield><subfield code="b">Mel. T. Hoyt</subfield></datafield><datafield ind1=" " ind2=" " tag="300"><subfield code="a">v.</subfield></datafield><datafield ind1=" " ind2=" " tag="310"><subfield code="a">Weekly</subfield></datafield><datafield ind1="1" ind2=" " tag="362"><subfield code="a">Began in 1884.</subfield></datafield><datafield ind1="0" ind2=" " tag="362"><subfield code="a">-v. 20, no. 39 (Feb. 12, 1904).</subfield></datafield><datafield ind1=" " ind2=" " tag="530"><subfield code="a">Available on microfilm from: State Archives, South Dakota State Historical Society.</subfield></datafield><datafield ind1=" " ind2=" " tag="580"><subfield code="a">Merged with: The Parker leader, to form: The Parker press-leader.</subfield></datafield><datafield ind1=" " ind2=" " tag="588"><subfield code="a">Description based on: Vol. 1, no. 27 (Apr. 25, 1885).</subfield></datafield><datafield ind1=" " ind2="0" tag="651"><subfield code="a">Parker (S.D.)</subfield><subfield code="v">Newspapers.</subfield></datafield><datafield ind1=" " ind2="0" tag="651"><subfield code="a">Turner County (S.D.)</subfield><subfield code="v">Newsapers.</subfield></datafield><datafield ind1=" " ind2="7" tag="655"><subfield code="a">Newspapers.</subfield><subfield code="2">fast</subfield><subfield code="0">(OCoLC)fst01423814</subfield></datafield><datafield ind1=" " ind2="7" tag="651"><subfield code="a">South Dakota</subfield><subfield code="z">Parker.</subfield><subfield code="2">fast</subfield><subfield code="0">(OCoLC)fst01206213</subfield></datafield><datafield ind1=" " ind2="7" tag="651"><subfield code="a">South Dakota</subfield><subfield code="z">Turner County.</subfield><subfield code="2">fast</subfield><subfield code="0">(OCoLC)fst01215593</subfield></datafield><datafield ind1=" " ind2=" " tag="752"><subfield code="a">United States</subfield><subfield code="b">South Dakota</subfield><subfield code="c">Turner</subfield><subfield code="d">Parker.</subfield></datafield><datafield ind1="0" ind2="7" tag="785"><subfield code="t">Parker leader</subfield></datafield><datafield ind1="0" ind2="7" tag="785"><subfield code="t">Parker press-leader</subfield><subfield code="w">(DLC)sn2001063128</subfield></datafield></record>